<record><leader>00000cas a22000007a 4500</leader><controlfield tag="001">16687125</controlfield><controlfield tag="008">870915d1uuu1955pauwr ne      0    0eng d</controlfield><datafield ind1=" " ind2=" " tag="010"><subfield code="a">sn 87078514 </subfield></datafield><datafield ind1=" " ind2=" " tag="040"><subfield code="a">NPH</subfield><subfield code="b">eng</subfield><subfield code="c">NPH</subfield><subfield code="d">OCLCQ</subfield></datafield><datafield ind1=" " ind2=" " tag="042"><subfield code="a">msc</subfield></datafield><datafield ind1="0" ind2="0" tag="245"><subfield code="a">Hatfield times.</subfield></datafield><datafield ind1=" " ind2=" " tag="260"><subfield code="a">Hatfield, Pa. :</subfield><subfield code="b">C.R. Addison,</subfield><subfield code="c">-1955.</subfield></datafield><datafield ind1=" " ind2=" " tag="300"><subfield code="a">v. ;</subfield><subfield code="c">57 cm.</subfield></datafield><datafield ind1=" " ind2=" " tag="310"><subfield code="a">Weekly</subfield></datafield><datafield ind1="0" ind2=" " tag="362"><subfield code="a">-v. 57, no. 46 (Nov. 10, 1955).</subfield></datafield><datafield ind1=" " ind2=" " tag="588"><subfield code="a">Description based on: Vol. 11, no. 523 (Apr. 23, 1903).</subfield></datafield><datafield ind1=" " ind2=" " tag="752"><subfield code="a">United States</subfield><subfield code="b">Pennsylvania</subfield><subfield code="c">Montgomery</subfield><subfield code="d">Hatfield.</subfield></datafield><datafield ind1="0" ind2="5" tag="780"><subfield code="t">Hatfield invincible</subfield><subfield code="w">(DLC)sn 87078515</subfield></datafield><datafield ind1="0" ind2="0" tag="785"><subfield code="t">Penn Valley times</subfield><subfield code="w">(DLC)sn 87078513</subfield></datafield></record>